@article{surendra2017review,
  title={A review of synthetic data generation methods for privacy preserving data publishing},
  author={Surendra, HMHS and Mohan, HS},
  journal={International Journal of Scientific \& Technology Research},
  volume={6},
  number={3},
  pages={95--101},
  year={2017}
}

@article{assefa2020generating,
  title={Generating synthetic data in finance: opportunities, challenges and pitfalls},
  author={Assefa, Samuel and Dervovic, Danial and Mahfouz, Mahmoud and Balch, Tucker and Reddy, Prashant and Veloso, Manuela},
  journal={Challenges and Pitfalls (June 23, 2020)},
  year={2020}
}

@inproceedings{xu2019modeling,
  title={Modeling tabular data using conditional gan},
  author={Xu, Lei and Skoularidou, Maria and Cuesta-Infante, Alfredo and Veeramachaneni, Kalyan},
  booktitle={Advances in Neural Information Processing Systems},
  pages={7335--7345},
  year={2019}
}

%StyleGAN 2: the hyperrealistic GAN
@inproceedings{karras2020analyzing,
  title={Analyzing and improving the image quality of stylegan},
  author={Karras, Tero and Laine, Samuli and Aittala, Miika and Hellsten, Janne and Lehtinen, Jaakko and Aila, Timo},
  booktitle={Proceedings of the IEEE/CVF Conference on Computer Vision and Pattern Recognition},
  pages={8110--8119},
  year={2020}
}

%VQ-VAE: the hyperrealistic VAE
@inproceedings{razavi2019generating,
  title={Generating diverse high-fidelity images with vq-vae-2},
  author={Razavi, Ali and van den Oord, Aaron and Vinyals, Oriol},
  booktitle={Advances in Neural Information Processing Systems},
  pages={14866--14876},
  year={2019}
}

%PCA assumes Gaussian noise
@article{tipping1999probabilistic,
  title={Probabilistic principal component analysis},
  author={Tipping, Michael E and Bishop, Christopher M},
  journal={Journal of the Royal Statistical Society: Series B (Statistical Methodology)},
  volume={61},
  number={3},
  pages={611--622},
  year={1999},
  publisher={Wiley Online Library}
}

%Proper scoring rules
@article{gneiting2007strictly,
  title={Strictly proper scoring rules, prediction, and estimation},
  author={Gneiting, Tilmann and Raftery, Adrian E},
  journal={Journal of the American statistical Association},
  volume={102},
  number={477},
  pages={359--378},
  year={2007},
  publisher={Taylor \& Francis}
}
